<record><leader>00000cas a22000007a 4500</leader><controlfield tag="001">16902585</controlfield><controlfield tag="008">871027u1963uuuutxuwr ne      0    0eng d</controlfield><datafield ind1=" " ind2=" " tag="010"><subfield code="a">sn 87091060 </subfield></datafield><datafield ind1=" " ind2=" " tag="040"><subfield code="a">PPM</subfield><subfield code="b">eng</subfield><subfield code="c">PPM</subfield><subfield code="d">OCLCQ</subfield></datafield><datafield ind1=" " ind2=" " tag="042"><subfield code="a">msc</subfield></datafield><datafield ind1="0" ind2="4" tag="245"><subfield code="a">The Brazorian news.</subfield></datafield><datafield ind1=" " ind2=" " tag="260"><subfield code="a">Lake Jackson, Tex. :</subfield><subfield code="b">Brazco News, Inc.</subfield></datafield><datafield ind1=" " ind2=" " tag="310"><subfield code="a">Weekly</subfield></datafield><datafield ind1="0" ind2=" " tag="362"><subfield code="a">Vol. 29, no. 24 (Jan. 10, 1963)-</subfield></datafield><datafield ind1=" " ind2=" " tag="752"><subfield code="a">United States</subfield><subfield code="b">Texas</subfield><subfield code="c">Brazoria</subfield><subfield code="d">Lake Jackson.</subfield></datafield><datafield ind1="0" ind2="0" tag="780"><subfield code="t">Lake Jackson news</subfield></datafield><datafield ind1="1" ind2=" " tag="029"><subfield code="a">AU@</subfield><subfield code="b">000025834281</subfield></datafield></record>